@book{hyndman2014forecasting,
  title={Forecasting: principles and practice},
  author={Hyndman, R.J. and Athanasopoulos, G.},
  isbn={9780987507105},
  url={https://books.google.de/books?id=gDuRBAAAQBAJ},
  year={2014},
  publisher={OTexts}
}

